<record><leader>00000cas a2200000 a 4500</leader><controlfield tag="001">10574427</controlfield><controlfield tag="008">840329d18661901iluwr ne      0   a0eng c</controlfield><datafield ind1=" " ind2=" " tag="010"><subfield code="a">sn 84024148 </subfield></datafield><datafield ind1=" " ind2=" " tag="040"><subfield code="a">NPV</subfield><subfield code="b">eng</subfield><subfield code="c">NPV</subfield><subfield code="d">NPX</subfield><subfield code="d">NPU</subfield><subfield code="d">NPV</subfield><subfield code="d">NVF</subfield><subfield code="d">CVF</subfield><subfield code="d">NVF</subfield><subfield code="d">OCLCF</subfield><subfield code="d">NVF</subfield><subfield code="d">OCLCO</subfield></datafield><datafield ind1="1" ind2=" " tag="029"><subfield code="a">AU@</subfield><subfield code="b">000020333334</subfield></datafield><datafield ind1=" " ind2=" " tag="042"><subfield code="a">pcc</subfield></datafield><datafield ind1=" " ind2=" " tag="043"><subfield code="a">n-us-il</subfield></datafield><datafield ind1="0" ind2="4" tag="245"><subfield code="a">The Ogle County press.</subfield></datafield><datafield ind1=" " ind2=" " tag="260"><subfield code="a">Polo, Ill. :</subfield><subfield code="b">John W. Clinton,</subfield><subfield code="c">1866-1901.</subfield></datafield><datafield ind1=" " ind2=" " tag="300"><subfield code="a">v.</subfield></datafield><datafield ind1=" " ind2=" " tag="310"><subfield code="a">Weekly</subfield></datafield><datafield ind1="0" ind2=" " tag="362"><subfield code="a">Vol. 10, no. 38 (Oct. 27, 1866)-v. 45, no. 27 (June 29, 1901).</subfield></datafield><datafield ind1=" " ind2=" " tag="500"><subfield code="a">Issues July 2, 1881 and July 4, 1881 called also "Extra."</subfield></datafield><datafield ind1=" " ind2=" " tag="515"><subfield code="a">Issues for Oct. 27, 1866-Jan. 28, 1871 called also whole no. 508-727.</subfield></datafield><datafield ind1=" " ind2=" " tag="580"><subfield code="a">Merged with: Tri-county free press (Milledgeville, Ill.), to form: Tri-county press (Polo, Ill.).</subfield></datafield><datafield ind1=" " ind2="0" tag="651"><subfield code="a">Polo (Ill.)</subfield><subfield code="v">Newspapers.</subfield></datafield><datafield ind1=" " ind2="0" tag="651"><subfield code="a">Ogle County (Ill.)</subfield><subfield code="v">Newspapers.</subfield></datafield><datafield ind1=" " ind2="7" tag="651"><subfield code="a">Illinois</subfield><subfield code="z">Ogle County.</subfield><subfield code="2">fast</subfield><subfield code="0">(OCoLC)fst01210697</subfield></datafield><datafield ind1=" " ind2="7" tag="651"><subfield code="a">Illinois</subfield><subfield code="z">Polo.</subfield><subfield code="2">fast</subfield><subfield code="0">(OCoLC)fst01255062</subfield></datafield><datafield ind1=" " ind2="7" tag="655"><subfield code="a">Newspapers.</subfield><subfield code="2">fast</subfield><subfield code="0">(OCoLC)fst01423814</subfield></datafield><datafield ind1=" " ind2=" " tag="752"><subfield code="a">United States</subfield><subfield code="b">Illinois</subfield><subfield code="c">Ogle County</subfield><subfield code="d">Polo.</subfield></datafield><datafield ind1="0" ind2="0" tag="780"><subfield code="t">Polo press</subfield><subfield code="w">(DLC)sn 93055433</subfield><subfield code="w">(OCoLC)27698469</subfield></datafield><datafield ind1="1" ind2="7" tag="785"><subfield code="t">Tri-county free press (Milledgeville, Ill.)</subfield><subfield code="w">(DLC)sn 93055436</subfield><subfield code="w">(OCoLC)27698716</subfield></datafield><datafield ind1="1" ind2="7" tag="785"><subfield code="t">Tri-county press (Polo, Ill.)</subfield><subfield code="w">(DLC)sn 93055437</subfield><subfield code="w">(OCoLC)27701711</subfield></datafield></record>